@book{primer,
  author = {C. de Smedt},
  editor = {Topo-bibliographie, Montbél},
  publisher = {Gand. 1876},
  title = {Introductio generalis ad hist.\ ecclesiasticam critice tractandam},
  year = {1876},
  note = {C. de Smedt, Introductio generalis ad hist.\ ecclesiasticam critice tractandam, Gand. 1876. Chevalier, Répertoire des sources histor.\ du moyenâge I. Biobibliographie, 2.\ ed.\ Paris 1905; II.\ Topo-bibliographie, Montbél. 1894/1903; Potthast, Bibliotheca hist.\ medii aevi, 2.\ ed.}

}