%AutorYearTitle,
@book{Smedt1876Introductio,
  author = {C. de Smedt},
  editor = {Topo-bibliographie, Montbél},
  publisher = {Gandavi 1876},
  title = {Introductio generalis ad hist.\ ecclesiasticam critice tractandam},
  year = {1876},
  note = {C. de Smedt, Introductio generalis ad hist.\ ecclesiasticam critice tractandam, Gand. 1876. Chevalier, Répertoire des sources histor.\ du moyenâge I. Biobibliographie, 2.\ ed.\ Paris 1905; II.\ Topo-bibliographie, Montbél. 1894/1903; Potthast, Bibliotheca hist.\ medii aevi, 2.\ ed.},
  url= {https://annas-archive.org/md5/7bbd8f9e73089d513bb224a42430373f}
}
@book{Berol1896Nomenclator,
  author = {},
  editor = {},
  publisher = {},
  title = {},
  year = {},
  note = {Berol. 1896, 1/2; Hurter, Nomenclator litterarius theologiae catholicae, 3.\ ed. Oenip. 1903 ss. 1/5; Langlois, Manuel de bibliographie hist.\ I.\ Instruments bibliograph., 2.\ éd.\ Par.\ 1901.-Dahlmann-Waitz-Steindorf, Quellenkunde d.\ deutsch.\ Gesch.\ 7.\ A.\ Lpzg.\ 1906; Ergzgsb.\ 1907.-Molinier, Les sources de l'hist.\ de France, Par. 1901/6, 1/6; Monod, Bibliographie de l'hist.\ de France\ldots jusqu'en 1789, Par. 1888.:::}
}
@book{Gardiner1984Introduction,
  author = {},
  editor = {},
  publisher = {},
  title = {},
  year = {},
  note = {Gardiner-Mullinger, Introd.\ to the study of engl.\ hist., 3.\ ed. London 1894; Gross, Sources and litt.\ of engl.\ hist.\ (d. 1485), London 1900. Lozzi, Biblioteca istorica della antica e nuova Italia, Imola 1886/7. 1/2. De Smedt, Principes de la critique hist. Liège-Paris 1883; Moeller, Traité des études hist., Louvain 1889; Langlois et Seignobos, Introduction aux étud.\ hist.\ 3. éd.\ Paris 1905.}
}